

@inproceedings{data_rep_tact_nets,
  title={Data replication in mobile tactical networks},
  author={Zhang, Y. and Ray, S. and Cao, G. and La Porta, T. and Basu, P.},
  booktitle={MILITARY COMMUNICATIONS CONFERENCE, 2011-MILCOM 2011},
  pages={797--803},
  year={2011},
  organization={IEEE}
}

@article{coop_cache_TOMC2006,
  title={Supporting cooperative caching in ad hoc networks},
  author={Yin, Liangzhong and Cao, Guohong},
  journal={Mobile Computing, IEEE Transactions on},
  volume={5},
  number={1},
  pages={77--89},
  year={2006},
  publisher={IEEE}
}

@article{coop_cache_gao2014,
  title={Cooperative caching for efficient data access in disruption tolerant networks},
  author={Gao, W. and Cao, G. and Iyengar, A. and Srivatsa, M.},
  journal={Mobile Computing, IEEE Transactions on},
  volume={13},
  number={3},
  pages={611--625},
  year={2014},
  publisher={IEEE}
}

@article{benefit_based_cache,
  title={Benefit-based data caching in ad hoc networks},
  author={Tang, Bin and Gupta, Himanshu and Das, Samir R},
  journal={Mobile Computing, IEEE Transactions on},
  volume={7},
  number={3},
  pages={289--304},
  year={2008},
  publisher={IEEE}
}

@inproceedings{forw_red_gao2014,
  title={Forwarding redundancy in opportunistic mobile networks: investigation and elimination},
  author={Gao, Wei and Li, Qinghua and Cao, Guohong},
  booktitle={INFOCOM, 2014 Proceedings IEEE},
  pages={2301--2309},
  year={2014},
  organization={IEEE}
}

@article{coop_cache_p2p_nets,
  title={Cooperative caching in wireless p2p networks: Design, implementation, and evaluation},
  author={Zhao, Jing and Zhang, Ping and Cao, Guohong and Das, Chita R},
  journal={Parallel and Distributed Systems, IEEE Transactions on},
  volume={21},
  number={2},
  pages={229--241},
  year={2010},
  publisher={IEEE}
}

@inproceedings{wang2014smartphoto,
  title={SmartPhoto: a resource-aware crowdsourcing approach for image sensing with smartphones},
  author={Wang, Yi and Hu, Wenjie and Wu, Yibo and Cao, Guohong},
  booktitle={Proceedings of the 15th ACM international symposium on Mobile ad hoc networking and computing},
  pages={113--122},
  year={2014},
  organization={ACM}
}

@inproceedings{traffic_agg_infocom2014,
  title={Energy optimization through traffic aggregation in wireless networks},
  author={Hu, Wenjie and Cao, Guohong},
  booktitle={INFOCOM, 2014 Proceedings IEEE},
  pages={916--924},
  year={2014},
  organization={IEEE}
}

@inproceedings{cache_cog_nets_infocom2014,
  title={Delay-constrained caching in cognitive radio networks},
  author={Zhao, Jing and Gao, Wei and Wang, Yi and Cao, Guohong},
  booktitle={INFOCOM, 2014 Proceedings IEEE},
  pages={2094--2102},
  year={2014},
  organization={IEEE}
}

@inproceedings{cache_or_not,
  title={To cache or not to cache?},
  author={Fiore, Marco and Mininni, Francesco and Casetti, Claudio and Chiasserini, C},
  booktitle={INFOCOM 2009, IEEE},
  pages={235--243},
  year={2009},
  organization={IEEE}
}

@inproceedings{symptotics_framework_scalability,
  	title={Symptotics: A framework for analyzing the scalability of real-world wireless networks},
  	author={Ramanathan, R. and Samanta, A. and Porta, T. La},
  	booktitle={Proceedings of the 9th ACM symposium on Performance evaluation of wireless ad hoc, sensor, and ubiquitous networks},
  	pages={31--38},
  	year={2012},
  	organization={ACM}
}

@techreport{symptotics_tech_report,
  	title={An approximate model for analyzing real-world wireless network scalability},
  	author={Ramanathan, R. and Samanta, A. and Porta, TL},
  	year={2012},
	institution={Raytheon BBN Technologies},
	note={\url{http://www.ir.bbn.com/~ramanath/pdf/symptotics-techreport.pdf}}
}

@inproceedings{scalability_manets_theory_vs_practice,
  	title={Scalability of mobile ad hoc networks: Theory vs practice},
  	author={Ramanathan, R and Allan, R and Basu, P and Feinberg, J and Jakllari, G and Kawadia, V and Loos, S and Redi, J and Santivanez, C and Freebersyser, J},
  	booktitle={MILITARY COMMUNICATIONS CONFERENCE, 2010-MILCOM 2010},
  	pages={493--498},
  	year={2010},
  	organization={IEEE}
}

@inproceedings{scal_analysis_mobility,
  	title={Scalability Analysis of Tactical Mobility Patterns},
  	author={Ciftcioglu, E.N. and Ramanathan, R. and Porta, T.F. La},
  	booktitle={Military Communications Conference, MILCOM 2013-2013 IEEE},
  	pages={1888--1893},
  	year={2013},
  	organization={IEEE}
}

@inproceedings{li_capacity,
  	title={Capacity of ad hoc wireless networks},
  	author={Li, J. and Blake, C. and De Couto, D. SJ and Lee, Hu Imm and Morris, R.},
  	booktitle={Proceedings of the 7th annual international conference on Mobile computing and networking},
  	pages={61--69},
  	year={2001},
  	organization={ACM}
}

@article{gupta2000capacity,
	  title={The capacity of wireless networks},
	  author={Gupta, P. and Kumar, P.R.},
	  journal={Information Theory, IEEE Transactions on},
	  volume={46},
	  number={2},
	  pages={388--404},
	  year={2000},
	  publisher={IEEE}
}

@article{perf_anal_80211_lan_mac,
	  title={A performance analysis of the 802.11 wireless lan medium access control},
	  author={Gupta, N. and Kumar, P.R. and others},
	  journal={Communications in Information \& Systems},
	  volume={3},
	  number={4},
	  pages={479--304},
	  year={2003},
	  publisher={International Press of Boston}
}

@inproceedings{q_analysis_delay_mitig_80211,
  title={Queueing analysis and delay mitigation in IEEE 802.11 random access MAC based wireless networks},
  author={Tickoo, O. and Sikdar, B.},
  booktitle={INFOCOM 2004. Twenty-third annualjoint conference of the IEEE computer and communications societies},
  volume={2},
  pages={1404--1413},
  year={2004},
  organization={IEEE}
}

@INPROCEEDINGS{ toward_qoi_rate_control,
        AUTHOR={ Z. M. Charbiwala and S. Zahedi Y. Kim and Y.H. Cho and M. B. Srivastava},
        TITLE={ Toward {Q}uality  of {I}nformation {A}ware {R}ate {C}ontrol for{S}ensor {N}etworks},
        BOOKTITLE={Fourth International Workshop on Feedback Control Implemenation and Design in Computing Systems and Networks},
        VOLUME={},
        NUMBER={},
        address={},
        MONTH={April},
        YEAR={2009},
        PAGES={ },
    NOTE={},ABSTRACT={}}

@article{qoi_aware_mobile_apps,
  	title={Quality of information-aware mobile applications},
  	author={Edwards, J. and Bahjat, A. and Jiang, Y. and Cook, T. and La Porta, T.F.},
  	journal={Pervasive and Mobile Computing},
  	volume={11},
  	pages={216--228},
  	year={2014},
  	publisher={Elsevier}
}

@incollection{2008cedd,
	title={CEDD: color and edge directivity descriptor: a compact descriptor for image indexing and retrieval},
  	author={Chatzichristofis, S.A. and Boutalis, Y.S.},
  	booktitle={Computer Vision Systems},
  	pages={312--322},
  	year={2008},
  	publisher={Springer}
}

@article{tanimoto,
  title={An elementary mathematical theory of classification and prediction.},
  author={Tanimoto, TT},
  year={1958},
  journal={International Business Machines Corporation}
}

@inproceedings{mediascope,
  title={MediaScope: selective on-demand media retrieval from mobile devices},
  author={Jiang, Y. and Xu, X. and Terlecky, P. and Abdelzaher, T. and Bar-Noy, A. and Govindan, R.},
  booktitle={Proceedings of the 12th international conference on Information processing in sensor networks},
  pages={289--300},
  year={2013},
  organization={ACM}
}

@inproceedings{photonet,
  	title={Photonet: a similarity-aware picture delivery service for situation awareness},
  	author={Uddin, M.Y.S. and Wang, H. and Saremi, F. and Qi, G-J and Abdelzaher, T. and Huang, T.},
  	booktitle={Real-Time Systems Symposium (RTSS), 2011 IEEE 32nd},
  	pages={317--326},
  	year={2011},
  	organization={IEEE}
}

@inproceedings{oiccm,
  	title={Operational information content sum capacity: Formulation and examples},
  	author={Ciftcioglu, E.N. and Yener, A. and Govindan, R. and Psounis, K.},
  	booktitle={Information Fusion (FUSION), 2011 Proceedings of the 14th International Conference on},
  	pages={1--7},
  	year={2011},
  	organization={IEEE}
}

@article{ oicc_journal,
	title={Operational information content sum capacity: From theory to practice},
	author={E. N. Ciftcioglu and A. Michaloliakos and A. Yener and K. Psounis and T. F. La Porta and R. Govindan},
	journal={Computer Networks},
	volume={75},
	pages={1-17},
	year={2014}
	}

@inproceedings{qoi_aware_tactical_mil_nets,
  title={Quality-of-information aware networking for tactical military networks},
  author={Bar-Noy, A. and Cirincione, G. and Govindan, R. and Krishnamurthy, S. and LaPorta, T.F. and Mohapatra, P. and Neely, M. and Yener, A.},
  booktitle={Pervasive Computing and Communications Workshops (PERCOM Workshops), 2011 IEEE International Conference on},
  pages={2--7},
  year={2011},
  organization={IEEE}
}
    
@ARTICLE{explor_vs_exploit, 
	author={Ciftcioglu, E.N. and Yener, A and Neely, M.J.}, 
	journal={Selected Topics in Signal Processing, IEEE Journal of}, 
	title={Maximizing Quality of Information From Multiple Sensor Devices: The Exploration vs Exploitation Tradeoff}, 
	year={2013}, 
	month={Oct}, 
	volume={7}, 
	number={5}, 
	pages={883-894}, 
	doi={10.1109/JSTSP.2013.2259798}, 
	ISSN={1932-4553},
}

    @ARTICLE { social_swarming,
    AUTHOR = { B. Liu and P. Terlecky and A. Bar-Noy and R. Govindan and M. J. Neely and D. Rawitz },
    TITLE = { {Optimizing Information Credibility in Social Swarming Applications} },
    JOURNAL = { IEEE Transactions on Parallel and Distributed Systems },
    VOLUME = { 23 },
    ISSN = { 1045-9219 },
    YEAR = { 2012 },
    PAGES = { 1147-1158 },
    PUBLISHER = { IEEE Computer Society },
    ADDRESS = { Los Alamitos, CA, USA },
    PDFURL = { http://enl.usc.edu/Papers/?action=download&upname=liu2012tpds.pdf },
}

@INPROCEEDINGS{qoi_outage,
        AUTHOR={E. N. Ciftcioglu and A. Michaloliakos and K. Psounis and T. F. La Porta and A. Yener},
        TITLE={Power Minimization with {Q}uality-of- {I}nformation {O}utages},
        BOOKTITLE={Proc. IEEE WCNC},
        YEAR={2014},
        address={Istanbul, Turkey},
        month={April},
        PAGES={},
    NOTE={}}

@article{nom_cap_wmns,
  title={The nominal capacity of wireless mesh networks},
  author={Jun, J. and Sichitiu, M.L.},
  journal={Wireless Communications, IEEE},
  volume={10},
  number={5},
  pages={8--14},
  year={2003},
  publisher={IEEE}
}

@INPROCEEDINGS{qoi_aware_trx_pol_time_vary_links, 
author={Ciftcioglu, E.N. and Yener, A.}, 
booktitle={Military Communications Conference, 2011 - MILCOM 2011}, title={Quality-of-information aware transmission policies with time-varying links}, 
year={2011}, 
month={nov.}, 
volume={}, 
number={}, 
pages={230 -235}, 
doi={10.1109/MILCOM.2011.6127666}, 
ISSN={2155-7578},}

@inproceedings{dcoss_max_cov,
  AUTHOR    = {S. Rager and
          E. Ciftcioglu and
          T. F. La Porta and
          A. Leung and 
          W. Dron and
          R. Ramanathan and
          J. Hancock},
	  TITLE     = {Data Selection for Maximum Coverage for Sensor Networks with Cost Constraints},
	  BOOKTITLE = {International Conference on Distributed Computing in Sensor Systems, DCOSS},
 	  address={Marina Del Rey, CA},
	  MONTH={May},
  	  YEAR      = {2014},
}
    @INPROCEEDINGS{iqr,
        AUTHOR={ H.-X. Tan and M.-C. Chan and W. Xiao and P.-Y. Kong and C.-K. Tham },
        TITLE={ Information {Q}uality {A}ware {R}outing in {E}vent-{D}riven {S}ensor {N}etworks},
        BOOKTITLE={IEEE INFOCOM 2010},
        VOLUME={},
        NUMBER={},
        address={San Diego, CA},
        MONTH={March},
        YEAR={2010},
        PAGES={ },
    NOTE={},ABSTRACT={}}



